<record><leader>00000cas a22000007a 4500</leader><controlfield tag="001">10283036</controlfield><controlfield tag="008">840110d18621883njuwr ne      0    0eng d</controlfield><datafield ind1=" " ind2=" " tag="010"><subfield code="a">sn 84026084 </subfield></datafield><datafield ind1=" " ind2=" " tag="040"><subfield code="a">NPU</subfield><subfield code="b">eng</subfield><subfield code="c">NPU</subfield><subfield code="d">NPX</subfield><subfield code="d">NPA</subfield><subfield code="d">NJW</subfield><subfield code="d">OCLCQ</subfield></datafield><datafield ind1=" " ind2=" " tag="042"><subfield code="a">msc</subfield></datafield><datafield ind1="0" ind2=" " tag="130"><subfield code="a">Beacon (Lambertville, N.J. : 1862)</subfield></datafield><datafield ind1="1" ind2="4" tag="245"><subfield code="a">The beacon.</subfield></datafield><datafield ind1=" " ind2=" " tag="260"><subfield code="a">Lambertville, N.J. :</subfield><subfield code="b">P.K. Hazen and I.S. Roberts</subfield></datafield><datafield ind1=" " ind2=" " tag="300"><subfield code="a">v. ;</subfield><subfield code="c">61 cm.</subfield></datafield><datafield ind1=" " ind2=" " tag="310"><subfield code="a">Weekly</subfield></datafield><datafield ind1="1" ind2=" " tag="362"><subfield code="a">Began with Nov. 14, 1862 issue; ceased with Apr. 27, 1883 issue.</subfield></datafield><datafield ind1=" " ind2=" " tag="500"><subfield code="a">Publishers: Clark Pierson, 1862-1869; P.K. Hazen and I.S. Roberts, 1869-1875; Phineas K. Hazen, 1875-1883.</subfield></datafield><datafield ind1=" " ind2=" " tag="500"><subfield code="a">Editors: Clark Pierson, 1862-1869; Phineas K. Hazen, 1869-1883.</subfield></datafield><datafield ind1=" " ind2=" " tag="530"><subfield code="a">Also issued on microfilm as part of the Civil War newspapers collection.</subfield></datafield><datafield ind1=" " ind2=" " tag="588"><subfield code="a">Description based on: 28th year, no. 1000 (Jan. 24, 1873).</subfield></datafield><datafield ind1=" " ind2=" " tag="752"><subfield code="a">United States</subfield><subfield code="b">New Jersey</subfield><subfield code="c">Hunterdon</subfield><subfield code="d">Lambertville.</subfield></datafield><datafield ind1="0" ind2="0" tag="780"><subfield code="t">People's beacon</subfield><subfield code="w">(DLC)sn 85035770</subfield><subfield code="w">(OCoLC)12101495</subfield></datafield><datafield ind1="0" ind2="0" tag="785"><subfield code="t">Lambertville beacon</subfield><subfield code="w">(DLC)sn 85035768</subfield><subfield code="w">(OCoLC)12101610</subfield></datafield><datafield ind1="1" ind2=" " tag="029"><subfield code="a">AU@</subfield><subfield code="b">000025839883</subfield></datafield></record>